<record><leader>00000cas a22000007a 4500</leader><controlfield tag="001">12952224</controlfield><controlfield tag="008">851223d18791880utudn ne      0    0eng d</controlfield><datafield ind1=" " ind2=" " tag="010"><subfield code="a">sn 85058387 </subfield></datafield><datafield ind1=" " ind2=" " tag="040"><subfield code="a">UNP</subfield><subfield code="b">eng</subfield><subfield code="c">UNP</subfield><subfield code="d">OCLCQ</subfield></datafield><datafield ind1=" " ind2=" " tag="042"><subfield code="a">msc</subfield></datafield><datafield ind1=" " ind2="4" tag="050"><subfield code="a">AN2.U8</subfield><subfield code="b">E98</subfield></datafield><datafield ind1="0" ind2=" " tag="130"><subfield code="a">Evening dispatch (Ogden, Utah)</subfield></datafield><datafield ind1="1" ind2="4" tag="245"><subfield code="a">The evening dispatch.</subfield></datafield><datafield ind1=" " ind2=" " tag="260"><subfield code="a">Ogden, Utah :</subfield><subfield code="b">Dispatch Pub. Co.</subfield></datafield><datafield ind1=" " ind2=" " tag="300"><subfield code="a">v.</subfield></datafield><datafield ind1=" " ind2=" " tag="310"><subfield code="a">Daily (except Sun.)</subfield></datafield><datafield ind1="1" ind2=" " tag="362"><subfield code="a">Began with Jan. 1, 1879; ceased with Feb. 1, 1880?</subfield><subfield code="z">Cf. Alter, J.C. Early Utah journalism.</subfield></datafield><datafield ind1=" " ind2=" " tag="500"><subfield code="a">"Anti-Mormon." Cf. Alter, J.C. Early Utah journalism.</subfield></datafield><datafield ind1=" " ind2=" " tag="588"><subfield code="a">Description based on: Vol. 2, no. 173 (Jan. 31, 1880).</subfield></datafield><datafield ind1=" " ind2=" " tag="752"><subfield code="a">United States</subfield><subfield code="b">Utah</subfield><subfield code="c">Weber</subfield><subfield code="d">Odgen.</subfield></datafield></record>